<record><leader>00000cas a22000007a 4500</leader><controlfield tag="001">22196823</controlfield><controlfield tag="008">900808d19341965couwr ne      0    0eng d</controlfield><datafield ind1=" " ind2=" " tag="010"><subfield code="a">sn 90051533 </subfield></datafield><datafield ind1=" " ind2=" " tag="040"><subfield code="a">CNQ</subfield><subfield code="b">eng</subfield><subfield code="c">CNQ</subfield><subfield code="d">OCLCQ</subfield></datafield><datafield ind1=" " ind2=" " tag="042"><subfield code="a">msc</subfield></datafield><datafield ind1="0" ind2=" " tag="130"><subfield code="a">Ignacio chieftain and Bayfield blade (Ignacio, Colo. : 1934)</subfield></datafield><datafield ind1="1" ind2="4" tag="245"><subfield code="a">The Ignacio chieftain and Bayfield blade.</subfield></datafield><datafield ind1="1" ind2="3" tag="246"><subfield code="a">Ignacio chieftain and the Bayfield blade</subfield></datafield><datafield ind1=" " ind2=" " tag="260"><subfield code="a">Ignacio, La Plata County, Colo. :</subfield><subfield code="b">Jack Stevens</subfield></datafield><datafield ind1=" " ind2=" " tag="300"><subfield code="a">v.</subfield></datafield><datafield ind1=" " ind2=" " tag="310"><subfield code="a">Weekly</subfield></datafield><datafield ind1="1" ind2=" " tag="362"><subfield code="a">Began in Feb. 1934.</subfield></datafield><datafield ind1="0" ind2=" " tag="362"><subfield code="a">-v. 55, no. 26 (Mar. 12, 1965).</subfield></datafield><datafield ind1=" " ind2=" " tag="530"><subfield code="a">Available on microfilm from the Colorado Historical Society.</subfield></datafield><datafield ind1=" " ind2=" " tag="588"><subfield code="a">Description based on: Vol. 24, no. 26 (Feb. 16, 1934).</subfield></datafield><datafield ind1=" " ind2=" " tag="752"><subfield code="a">United States</subfield><subfield code="b">Colorado</subfield><subfield code="c">La Plata</subfield><subfield code="d">Ignacio.</subfield></datafield><datafield ind1="0" ind2="0" tag="780"><subfield code="t">Ignacio chieftain (Ignacio, Colo. : 1933)</subfield><subfield code="w">(DLC)sn 90051532</subfield></datafield><datafield ind1="0" ind2="0" tag="785"><subfield code="t">Chieftain (Ignacio, Colo.)</subfield><subfield code="w">(DLC)sn 90051534</subfield></datafield><datafield ind1="1" ind2=" " tag="029"><subfield code="a">AU@</subfield><subfield code="b">000025852145</subfield></datafield></record>